@book{nair2008introduction,
  title={Introduction to biotechnology and genetic engineering},
  author={Nair, A Jayakumaran},
  year={2008},
  publisher={Laxmi Publications, Ltd.}
}

@article{stachel1986genetic,
  title={The genetic and transcriptional organization of the vir region of the A6 Ti plasmid of Agrobacterium tumefaciens.},
  author={Stachel, Scott E and Nester, Eugene W},
  journal={The EMBO Journal},
  volume={5},
  number={7},
  pages={1445--1454},
  year={1986},
  publisher={Wiley Online Library}
}

@book{rajasekaran2002crop,
  title={Crop biotechnology},
  author={Rajasekaran, Kanniah and Jacks, Thomas J and Finley, John W},
  year={2002},
  publisher={ACS Publications}
}

@book{clark2016biotechnology,
  title={Biotechnology},
  author={Clark, David P and Pazdernik, Nanette J},
  year={2016},
  publisher={Elsevier}
}

@book{nair2008introduction,
  title={Introduction to biotechnology and genetic engineering},
  author={Nair, A Jayakumaran},
  year={2008},
  publisher={Laxmi Publications, Ltd.}
}

@book{reece2014campbell,
  title={Campbell biology},
  author={Reece, Jane B and Urry, Lisa A and Cain, Michael Lee and Wasserman, Steven Alexander and Minorsky, Peter V and Jackson, Robert B and others},
  year={2014},
  publisher={Pearson Boston}
}

@book{urry2017campbell,
  title={Campbell biology},
  author={Urry, Lisa A and Cain, Michael Lee and Wasserman, Steven Alexander and Minorsky, Peter V and Reece, Jane B},
  year={2017},
  publisher={Pearson Education, Incorporated}
}

@book{kingsbury2009hybrid,
  title={Hybrid: the history and science of plant breeding},
  author={Kingsbury, Noel},
  year={2009},
  publisher={University of Chicago Press}
}

@book{brown2014plant,
  title={Plant breeding},
  author={Brown, Jack Caligari, Peter and Campos, Hugo A.},
  year={2014},
  publisher={Wiley Blackwell}
}

@book{hayward2012plant,
  title={Plant breeding: principles and prospects},
  author={Hayward, Michael D and Bosemark, Nils Ol{\"o}f and Romagosa, T},
  year={2012},
  publisher={Springer Science \& Business Media}
}

@article{rodrigues2011colchicine,
  title={Colchicine and amiprophos-methyl (APM) in polyploidy induction in banana plant},
  author={Rodrigues, Filipe Almendagna and Soares, Joyce D{\'o}ria Rodrigues and dos Santos, Roseneide Rocha and Pasqual, Moacir and e Silva, SdO},
  journal={African Journal of Biotechnology},
  volume={10},
  number={62},
  pages={13476--13481},
  year={2011},
  publisher={Academic Journals (Kenya)}
}

@article{germana2011gametic,
  title={Gametic embryogenesis and haploid technology as valuable support to plant breeding},
  author={Germana, Maria Antonietta},
  journal={Plant cell reports},
  volume={30},
  number={5},
  pages={839--857},
  year={2011},
  publisher={Springer}
}

@article{ake2007effect,
  title={The effect of gibberellic acid on the in vitro germination of coconut zygotic embryos and their conversion into plantlets},
  author={Ak{\'e}, A Pech and Maust, B and Orozco-Segovia, A and Oropeza, C},
  journal={In Vitro Cellular and Developmental Biology-Plant},
  volume={43},
  number={3},
  pages={247--254},
  year={2007},
  publisher={BioOne}
}

@article{sarasan2002vitro,
  title={In vitro germination and induction of direct somatic embryogenesis in'Bottle Palm'[Hyophorbe lagenicaulis (L. Bailey) HE Moore], a critically endangered Mauritian palm},
  author={Sarasan, V and Ramsay, M and Roberts, A},
  journal={Plant Cell Reports},
  volume={20},
  number={12},
  pages={1107--1111},
  year={2002},
  publisher={Springer}
}

@article{alves2011vitro,
  title={In vitro protocol optimization for development of interspecific hybrids of oil palm (Elaeis oleifera (HBK) Cort{\'e}s x Elaeis guineensis Jacq)},
  author={Alves, Sergio Augusto Oliveira and Lemos, OF and Santos Filho, BG and Da Silva, ALL},
  journal={J. Biotechnol. Biodivers},
  volume={29},
  pages={1--6},
  year={2011}
}

@article{geerts2008protoplast,
  title={Protoplast fusion technology for somatic hybridisation in Phaseolus},
  author={Geerts, Pascal and Druart, Philippe and Ochatt, Sergio and Baudoin, Jean-Pierre},
  journal={Biotechnologie, Agronomie, Soci{\'e}t{\'e} et Environnement},
  volume={12},
  number={1},
  pages={41--46},
  year={2008}
}

@article{pereira2003somatic,
  title={Somatic hybridisation for improvement of citrus rootstock: production of five new combinations with potential for improved disease resistance},
  author={Pereira de Carvalho Costa, MA and Mendes, BMJ and Mour{\~a}o Filho, FAA},
  journal={Australian Journal of Experimental Agriculture},
  volume={43},
  number={9},
  pages={1151--1156},
  year={2003},
  publisher={CSIRO Publishing}
}

@incollection{singh2013impacts,
  title={Impacts of changing climate and climate variability on seed production and seed industry},
  author={Singh, Rishi P and Prasad, PV Vara and Reddy, K Raja},
  booktitle={Advances in Agronomy},
  volume={118},
  pages={49--110},
  year={2013},
  publisher={Elsevier}
}

@book{biber2006rights,
  title={Rights to plant genetic resources and traditional knowledge: basic issues and perspectives},
  author={Biber-Klemm, Susette and Cottier, Thomas and others},
  year={2006},
  publisher={CABI}
}

@article{tuomisto2011commentary,
  title={Commentary: do we have a consistent terminology for species diversity? Yes, if we choose to use it},
  author={Tuomisto, Hanna},
  journal={Oecologia},
  volume={167},
  number={4},
  pages={903--911},
  year={2011},
  publisher={Springer}
}

@article{fuller2009domestication,
  title={The domestication process and domestication rate in rice: spikelet bases from the Lower Yangtze},
  author={Fuller, Dorian Q and Qin, Ling and Zheng, Yunfei and Zhao, Zhijun and Chen, Xugao and Hosoya, Leo Aoi and Sun, Guo-Ping},
  journal={science},
  volume={323},
  number={5921},
  pages={1607--1610},
  year={2009},
  publisher={American Association for the Advancement of Science}
}

@article{wu2017single,
  title={A single-nucleotide polymorphism causes smaller grain size and loss of seed shattering during African rice domestication},
  author={Wu, Wenguang and Liu, Xiaoyun and Wang, Muhua and Meyer, Rachel S and Luo, Xiaojin and Ndjiondjop, Marie-Noelle and Tan, Lubin and Zhang, Jianwei and Wu, Jianzhong and Cai, Hongwei and others},
  journal={Nature Plants},
  volume={3},
  number={6},
  pages={1--7},
  year={2017},
  publisher={Nature Publishing Group}
}

@article{barron2020snapshots,
  title={Snapshots in time: MicroCT scanning of pottery sherds determines early domestication of sorghum (Sorghum bicolor) in East Africa},
  author={Barron, Aleese and Fuller, Dorian Q and Stevens, Chris and Champion, Louis and Winchell, Frank and Denham, Tim},
  journal={Journal of Archaeological Science},
  volume={123},
  pages={105259},
  year={2020},
  publisher={Elsevier}
}

@article{weeks2022diversity,
  title={Diversity and extinction risk are inversely related at a global scale},
  author={Weeks, Brian C and Naeem, Shahid and Lasky, Jesse R and Tobias, Joseph A},
  journal={Ecology Letters},
  volume={25},
  number={3},
  pages={697--707},
  year={2022},
  publisher={Wiley Online Library}
}

@article{williams1991plant,
  title={Plant genetic resources: some new directions},
  author={Williams, JT},
  journal={Advances in Agronomy},
  volume={45},
  pages={61--91},
  year={1991},
  publisher={Elsevier}
}

@article{stalker1980utilization,
  title={Utilization of wild species for crop improvement},
  author={Stalker, HT},
  journal={Advances in Agronomy},
  volume={33},
  pages={111--147},
  year={1980},
  publisher={Elsevier}
}

@article{bretting1997dynamic,
  title={Dynamic conservation of plant genetic resources},
  author={Bretting, Peter K and Duvick, DN},
  journal={Advances in Agronomy},
  volume={61},
  number={1},
  pages={51},
  year={1997},
  publisher={New York: Academic Press, 1949-}
}

@article{chang1982conservation,
  title={The conservation and use of rice genetic resources},
  author={Chang, Te-Tzu and Adair, CR and Johnston, TH},
  journal={Advances in Agronomy},
  volume={35},
  pages={37--91},
  year={1982},
  publisher={Elsevier}
}

@article{gill2006wheat,
  title={Wheat genetics resource center: the first 25 years},
  author={Gill, Bikram S and Friebe, Bernd and Raupp, W John and Wilson, Duane L and Cox, T Stan and Sears, Rollin G and Brown-Guedira, Gina L and Fritz, Allan K},
  journal={Advances in Agronomy},
  volume={89},
  pages={73--136},
  year={2006},
  publisher={Elsevier}
}

@incollection{johnson2001somatic,
  title={Somatic hybridization and application in plant breeding},
  author={Johnson, Alexander Arthur Theodore and Veilleux, Richard E},
  year={2001},
  publisher={John Wiley \& Sons}
}
