@article{yadaw2013qtl,
  title={A QTL for high grain yield under lowland drought in the background of popular rice variety Sabitri from Nepal},
  author={Yadaw, Ram Baran and Dixit, Shalabh and Raman, Anitha and Mishra, Krishna Kumar and Vikram, Prashant and Swamy, BP Mallikarjuna and Cruz, Ma Teresa Sta and Maturan, Paul T and Pandey, Madhav and Kumar, Arvind},
  journal={Field Crops Research},
  volume={144},
  pages={281--287},
  year={2013},
  publisher={Elsevier}
}

@article{singh2013identification,
  title={Identification and mapping of leaf, stem and stripe rust resistance quantitative trait loci and their interactions in durum wheat},
  author={Singh, A and Pandey, MP and Singh, AK and Knox, RE and Ammar, K and Clarke, JM and Clarke, FR and Singh, RP and Pozniak, CJ and DePauw, RM and others},
  journal={Molecular breeding},
  volume={31},
  number={2},
  pages={405--418},
  year={2013},
  publisher={Springer}
}

@article{pandey2006genetic,
  title={Genetic relatedness and population differentiation of Himalayan hulless barley (Hordeum vulgare L.) landraces inferred with SSRs},
  author={Pandey, Madhav and Wagner, Carola and Friedt, Wolfgang and Ordon, Frank},
  journal={Theoretical and Applied Genetics},
  volume={113},
  number={4},
  pages={715--729},
  year={2006},
  publisher={Springer}
}

@article{sandhu2019deciphering,
  title={Deciphering the genetic basis of root morphology, nutrient uptake, yield, and yield-related traits in rice under dry direct-seeded cultivation systems},
  author={Sandhu, Nitika and Subedi, Sushil Raj and Singh, Vikas Kumar and Sinha, Pallavi and Kumar, Santosh and Singh, SP and Ghimire, Surya Kant and Pandey, Madhav and Yadaw, Ram Baran and Varshney, Rajeev K and others},
  journal={Scientific reports},
  volume={9},
  number={1},
  pages={1--16},
  year={2019},
  publisher={Nature Publishing Group}
}

@article{klumper2014meta,
  title={A meta-analysis of the impacts of genetically modified crops},
  author={Kl{\"u}mper, Wilhelm and Qaim, Matin},
  journal={PloS one},
  volume={9},
  number={11},
  pages={e111629},
  year={2014},
  publisher={Public Library of Science}
}
